<record xmlns="http://www.loc.gov/MARC21/slim" xmlns:xsi="http://www.w3.org/2001/XMLSchema-instance" xsi:schemaLocation="http://www.loc.gov/MARC21/slim http://www.loc.gov/standards/marcxml/schema/MARC21slim.xsd"><leader>     nam a22        4500</leader><controlfield tag="001">001685972</controlfield><controlfield tag="003">NNU</controlfield><controlfield tag="006">m        d        </controlfield><controlfield tag="007">cr cn |||m|||a</controlfield><controlfield tag="008">150313s1965    iq ac   ob    000 0bara d</controlfield><datafield ind1=" " ind2=" " tag="040"><subfield code="a">NNU</subfield><subfield code="b">eng</subfield><subfield code="c">NNU</subfield></datafield><datafield ind1=" " ind2=" " tag="043"><subfield code="a">a-iq---</subfield></datafield><datafield ind1=" " ind2=" " tag="066"><subfield code="c">(3</subfield></datafield><datafield ind1=" " ind2=" " tag="090"><subfield code="a">PJ7862.H16</subfield><subfield code="b">Z7</subfield></datafield><datafield ind1="1" ind2=" " tag="100"><subfield code="6">880-01</subfield><subfield code="a">Hil&#257;l&#299;, &#699;Abd al-Razz&#257;q</subfield></datafield><datafield ind1="1" ind2="3" tag="245"><subfield code="6">880-02</subfield><subfield code="a">al-Sh&#257;&#699;ir al-th&#257;&#699;ir al-Shaykh Mu&#7717;ammad B&#257;qir al-Shab&#299;b&#299;, 1889-1960</subfield><subfield code="h">[electronic resource] /</subfield><subfield code="c">&#699;Abd al-Razz&#257;q al-Hil&#257;l&#299;.</subfield></datafield><datafield ind1=" " ind2=" " tag="250"><subfield code="6">880-03</subfield><subfield code="a">al-&#7788;ab&#699;ah 1.</subfield></datafield><datafield ind1=" " ind2=" " tag="260"><subfield code="6">880-04</subfield><subfield code="a">Baghd&#257;d :</subfield><subfield code="b">Maktabat al-Nah&#7693;ah,</subfield><subfield code="c">[1965]</subfield></datafield><datafield ind1=" " ind2=" " tag="300"><subfield code="a">online resource (208 p.) :</subfield><subfield code="b">ill., ports.</subfield></datafield><datafield ind1=" " ind2=" " tag="500"><subfield code="a">Part of the Arabic Collections Online (ACO) project, contributed by New York Univeristy Libraries.</subfield></datafield><datafield ind1=" " ind2=" " tag="504"><subfield code="a">Includes bibliographical references (p. 197-198)</subfield></datafield><datafield ind1=" " ind2=" " tag="533"><subfield code="a">Electronic reproduction.</subfield><subfield code="b">New York, N.Y. :</subfield><subfield code="c">New York University,</subfield><subfield code="d">2015.</subfield><subfield code="5">NNU</subfield></datafield><datafield ind1="1" ind2="0" tag="600"><subfield code="6">880-05</subfield><subfield code="a">Shab&#299;b&#299;, Mu&#7717;ammad B&#257;qir,</subfield><subfield code="d">1889-1960.</subfield></datafield><datafield ind1=" " ind2="0" tag="650"><subfield code="a">Arabic poetry</subfield><subfield code="z">Iraq</subfield><subfield code="x">History and criticism.</subfield></datafield><datafield ind1="2" ind2=" " tag="710"><subfield code="a">New York University.</subfield><subfield code="b">Libraries.</subfield></datafield><datafield ind1="0" ind2=" " tag="730"><subfield code="a">Arabic Collections Online.</subfield></datafield><datafield ind1="0" ind2="8" tag="776"><subfield code="i">Print version:</subfield><subfield code="a">Hil&#257;l&#299;, &#699;Abd al-Razz&#257;q 880-01</subfield><subfield code="t">al-Sh&#257;&#699;ir al-th&#257;&#699;ir al-Shaykh Mu&#7717;ammad B&#257;qir al-Shab&#299;b&#299;, 1889-1960</subfield><subfield code="w">(NNU)001685972</subfield><subfield code="w">(DLC)ne 65002592</subfield></datafield><datafield ind1="4" ind2="0" tag="856"><subfield code="u">http://hdl.handle.net/2333.1/612jm8db</subfield></datafield><datafield ind1="1" ind2=" " tag="880"><subfield code="6">100-01/</subfield><subfield code="a">&#1607;&#1604;&#1575;&#1604;&#1610;&#1548; &#1593;&#1576;&#1583; &#1575;&#1604;&#1585;&#1586;&#1575;&#1602;.</subfield></datafield><datafield ind1="1" ind2="2" tag="880"><subfield code="6">245-02/</subfield><subfield code="a">&#1575;&#1604;&#1588;&#1575;&#1593;&#1585; &#1575;&#1604;&#1579;&#1575;&#1574;&#1585; &#1575;&#1604;&#1588;&#1610;&#1582; &#1605;&#1581;&#1605;&#1583; &#1576;&#1575;&#1602;&#1585; &#1575;&#1604;&#1588;&#1576;&#1610;&#1576;&#1610;&#1548; &#1633;&#1640;&#1640;&#1641;-&#1633;&#1641;&#1638;&#1632; /</subfield><subfield code="c">&#1593;&#1576;&#1583; &#1575;&#1604;&#1585;&#1586;&#1575;&#1602; &#1575;&#1604;&#1607;&#1604;&#1575;&#1604;&#1610;.</subfield></datafield><datafield ind1=" " ind2=" " tag="880"><subfield code="6">250-03/</subfield><subfield code="a">&#1575;&#1604;&#1591;&#1576;&#1593;&#1577; 1.</subfield></datafield><datafield ind1=" " ind2=" " tag="880"><subfield code="6">260-04/</subfield><subfield code="a">&#1576;&#1594;&#1583;&#1575;&#1583; :</subfield><subfield code="b">&#1605;&#1603;&#1578;&#1576;&#1577; &#1575;&#1604;&#1606;&#1607;&#1590;&#1577;&#1548;</subfield><subfield code="c">[1965]</subfield></datafield><datafield ind1="1" ind2="0" tag="880"><subfield code="6">600-05/</subfield><subfield code="a">&#1588;&#1576;&#1610;&#1576;&#1610;&#1548; &#1605;&#1581;&#1605;&#1583; &#1576;&#1575;&#1602;&#1585;.</subfield></datafield><datafield ind1=" " ind2=" " tag="959"><subfield code="a">NNU</subfield><subfield code="b">WEB</subfield><subfield code="c">GENI</subfield><subfield code="t">0</subfield><subfield code="m">Electronic access</subfield><subfield code="s">01</subfield></datafield><datafield ind1=" " ind2=" " tag="999"><subfield code="i">NNU_001685972</subfield><subfield code="s">nyu_aco000562</subfield></datafield></record>